@article{kleiner:1981,
	Author = {Kleiner, B. and Hartigan, J. A.},
	Journal = {Journal of the American Statistical Association},
	Number = {374},
	Pages = {260--269},
	Title = {{Representing Points in Many Dimensions by Trees and Castles}},
	Volume = {76},
	Year = {1981}}
